@inproceedings{strubell2019energy,
  author       = {Strubell, Emma and Ganesh, Ananya and McCallum, Andrew},
  title        = {Energy and Policy Considerations for Deep Learning in {NLP}},
  booktitle    = {Proceedings of the 57th Annual Meeting of the Association for Computational Linguistics},
  year         = {2019},
  publisher    = {Association for Computational Linguistics},
  address      = {Florence, Italy},
  pages        = {3645--3650},
  doi          = {10.18653/v1/P19-1355},
  url          = {https://aclanthology.org/P19-1355},
  note         = {Association for Computational Linguistics (ACL)},
}

@article{patterson2021carbon,
  author       = {Patterson, David and Gonzalez, Joseph and Le, Quoc and Liang, Chen and Munguia, Laura and Rothchild, Daniel and So, David and Texier, Maud and Dean, Jeff},
  title        = {Carbon Emissions and Large Neural Network Training},
  journal      = {arXiv preprint arXiv:2104.10350},
  year         = {2021},
  eprint       = {2104.10350},
  eprinttype   = {arxiv},
  url          = {https://arxiv.org/abs/2104.10350},
  note         = {arXiv:2104.10350 [cs.LG]},
}

@online{google2025efficiency,
  author       = {{Google}},
  title        = {Data Center Efficiency},
  year         = {2025},
  url          = {https://datacenters.google/efficiency/},
  urldate      = {2025-10-16},
}

@article{du2019implicit,
  author       = {Du, Yilun and Mordatch, Igor},
  title        = {Implicit Generation and Generalization in Energy-Based Models},
  journal      = {arXiv preprint arXiv:1903.08689},
  year         = {2019},
  eprint       = {1903.08689},
  eprinttype   = {arxiv},
  url          = {https://arxiv.org/abs/1903.08689},
  note         = {arXiv:1903.08689 [cs.LG]},
}

@article{jegham2025hungry,
  author       = {Jegham, Nidhal and Abdelatti, Marwan and Elmoubarki, Lassad and Hendawi, Abdeltawab},
  title        = {How Hungry is AI? Benchmarking Energy, Water, and Carbon Footprint of LLM Inference},
  journal      = {arXiv preprint arXiv:2505.09598},
  year         = {2025},
  eprint       = {2505.09598},
  eprinttype   = {arxiv},
  url          = {https://arxiv.org/abs/2505.09598},
  note         = {arXiv:2505.09598 [cs.LG]},
}

@article{yuan2025efficientllm,
  author       = {Yuan, Zhengqing and Sun, Weixiang and Liu, Yixin and Zhou, Huichi and Zhou, Rong and Li, Yiyang and Zhang, Zheyuan and Song, Wei and Huang, Yue and Jia, Haolong and Murugesan, Keerthiram and Wang, Yu and He, Lifang and Gao, Jianfeng and Sun, Lichao and Ye, Yanfang},
  title        = {{EfficientLLM}: Efficiency in Large Language Models Evaluation on Architecture Pretraining, Fine-Tuning, and Bit-Width Quantization},
  journal      = {arXiv preprint arXiv:2505.13840},
  year         = {2025},
  eprint       = {2505.13840},
  eprinttype   = {arxiv},
  url          = {https://arxiv.org/abs/2505.13840},
  note         = {arXiv:2505.13840 [cs.LG]},
}

@article{jouppi2023tpu,
  author       = {Jouppi, Norman P. and Kurian, George and Li, Sheng and Ma, Peter and Nagarajan, Rahul and Nai, Lifeng and Patil, Nishant and Subramanian, Suvinay and Swing, Andy and Towles, Brian and Young, Cliff and Zhou, Xiang and Zhou, Zongwei and Patterson, David},
  title        = {{TPU v4: An Optically Reconfigurable Supercomputer for Machine Learning with Hardware Support for Embeddings}},
  journal      = {arXiv preprint arXiv:2304.01433},
  year         = {2023},
  eprint       = {2304.01433},
  eprinttype   = {arxiv},
  url          = {https://arxiv.org/pdf/2304.01433},
  note         = {arXiv:2304.01433 [cs.AR]},
}

@online{altman2024gpus,
  author       = {Altman, Sam},
  title        = {It's super fun seeing people love images in ChatGPT. But our GPUs are melting},
  date         = {2024-10-07},
  organization = {X (formerly Twitter)},
  url          = {https://x.com/sama/status/1905296867145154688},
  urldate      = {2025-10-17},
}

@article{luccioni2025ai,
  author       = {Luccioni, Sasha},
  title        = {{AI}'s Energy Usage and Climate Footprint: What Big Tech Doesn't Want You to Know},
  journal      = {MIT Technology Review},
  year         = {2025},
  month        = {5},
  url          = {https://www.technologyreview.com/2025/05/20/1116327/ai-energy-usage-climate-footprint-big-tech/},
  urldate      = {2025-10-17},
}

@article{girija2024ai,
  author       = {Girija, Peethala and Devanaboina, Nithin and Nagalakshmi, Ramana and Praneetha, Valluri Sai and Suresh, Yadlapati},
  title        = {{AI-Based} Energy Consumption Prediction and Data-Driven Recommendations for Optimizing Power Usage},
  journal      = {International Journal of Innovative Research in Technology},
  year         = {2024},
  volume       = {10},
  number       = {12},
  pages        = {397--401},
  url          = {https://ijirt.org/publishedpaper/IJIRT172884_PAPER.pdf},
}

@article{patterson2022carbon,
  author       = {Patterson, David and Gonzalez, Joseph and Hölzle, Urs and Le, Quoc and Liang, Chen and Munguia, Lluis-Miquel and Rothchild, Daniel and So, David and Texier, Maud and Dean, Jeff},
  title        = {The Carbon Footprint of Machine Learning Training Will Plateau, Then Shrink},
  journal      = {arXiv preprint arXiv:2204.05149},
  year         = {2022},
  eprint       = {2204.05149},
  eprinttype   = {arxiv},
  url          = {https://arxiv.org/abs/2204.05149},
}

@online{greensoftware2025position,
  author       = {{Green Software Foundation}},
  title        = {Green {AI} Position Paper: Building a Greener {AI} Future Through Lifecycle Accountability, Standards, and Collaboration},
  year         = {2025},
  url          = {https://greensoftware.foundation/articles/green-ai-position-paper},
  urldate      = {2025-10-30},
}

@article{schwartz2019green,
  author       = {Schwartz, Roy and Dodge, Jesse and Smith, Noah A. and Etzioni, Oren},
  title        = {Green {AI}},
  journal      = {arXiv preprint arXiv:1907.10597},
  year         = {2019},
  eprint       = {1907.10597},
  eprinttype   = {arxiv},
  url          = {https://arxiv.org/abs/1907.10597},
}

@article{chatterjee2025energy,
  author       = {Chatterjee, Abhijit and Jha, Niraj K. and Cohen, Jonathan D. and Griffiths, Thomas L. and Lu, Hongjing and Marculescu, Diana and Rasul, Ashiqur and Parhi, Keshab K.},
  title        = {Energy-Efficient Domain-Specific Artificial Intelligence Models and Agents: Pathways and Paradigms},
  journal      = {arXiv preprint arXiv:2510.22052},
  year         = {2025},
  eprint       = {2510.22052},
  eprinttype   = {arxiv},
  url          = {https://arxiv.org/abs/2510.22052},
}

@article{preuveneers2020resource,
  author       = {Preuveneers, Davy and Tsingenopoulos, Ilias and Joosen, Wouter},
  title        = {Resource Usage and Performance Trade-Offs for Machine Learning Models in Smart Environments},
  journal      = {Sensors},
  publisher    = {MDPI},
  volume       = {20},
  number       = {4},
  pages        = {1176},
  year         = {2020},
  doi          = {10.3390/s20041176},
}

@article{tabbakh2024sustainable,
  author       = {Tabbakh, Abdulaziz and Al Amin, Lisan and Islam, Mahbubul and Mahmud, G. M. Iqbal and Chowdhury, Imranul Kabir and Mukta, Md Saddam Hossain},
  title        = {Towards Sustainable {AI}: A Comprehensive Framework for Green {AI}},
  journal      = {Discover Sustainability},
  publisher    = {Springer Nature},
  volume       = {5},
  number       = {408},
  year         = {2024},
  doi          = {10.1007/s43621-024-00641-4},
}

@article{behdin2025scaling,
  author       = {Behdin, Kayhan and Fatahibaarzi, Ata and Song, Qingquan and Dai, Yun and Gupta, Aman and Wang, Zhipeng and Tang, Shao and Sang, Hejian and Dexter, Gregory and Swaminathan, Sriram and others},
  title        = {Scaling Down, Serving Fast: Compressing and Deploying Efficient {LLMs} for Recommendation Systems},
  journal      = {arXiv preprint arXiv:2502.14305},
  year         = {2025},
  eprint       = {2502.14305},
  eprinttype   = {arxiv},
  url          = {https://arxiv.org/abs/2502.14305},
  note         = {Aceptado en EMNLP 2025 Industry Track (Oral). Técnicas de knowledge distillation y compresión (structured pruning, quantization) para modelos pequeños (SLMs) en sistemas de recomendación, reduciendo costos de entrenamiento/servicio y latencia manteniendo calidad}
}

@inproceedings{alizadeh2024green,
  author       = {Alizadeh, Negar and Castor, Fernando},
  title        = {Green {AI}: A Preliminary Empirical Study on Energy Consumption in {DL} Models Across Different Runtime Infrastructures},
  booktitle    = {Proceedings of the IEEE/ACM 3rd International Conference on AI Engineering},
  year         = {2024},
  pages        = {134--139},
  address      = {Lisbon, Portugal},
  doi          = {10.1145/3644815.3644967},
}

@inproceedings{verdecchia2022datacentric,
  author       = {Verdecchia, Roberto and Cruz, Luís and Sallou, June and Lin, Michelle and Wickenden, James and Hotellier, Estelle},
  title        = {Data-Centric Green {AI}: An Exploratory Empirical Study},
  booktitle    = {Proceedings of the 8th ICT for Sustainability Conference},
  year         = {2022},
  pages        = {35--45},
  doi          = {10.1109/ICT4S55073.2022.00015},
  eprint       = {2204.02766},
  eprinttype   = {arxiv},
}
